%YAML 1.1
%TAG !u! tag:unity3d.com,2011:
--- !u!29 &1
OcclusionCullingSettings:
  m_ObjectHideFlags: 0
  serializedVersion: 2
  m_OcclusionBakeSettings:
    smallestOccluder: 5
    smallestHole: 0.25
    backfaceThreshold: 100
  m_SceneGUID: 00000000000000000000000000000000
  m_OcclusionCullingData: {fileID: 0}
--- !u!104 &2
RenderSettings:
  m_ObjectHideFlags: 0
  serializedVersion: 9
  m_Fog: 0
  m_FogColor: {r: 0.5, g: 0.5, b: 0.5, a: 1}
  m_FogMode: 3
  m_FogDensity: 0.01
  m_LinearFogStart: 0
  m_LinearFogEnd: 300
  m_AmbientSkyColor: {r: 0.212, g: 0.227, b: 0.259, a: 1}
  m_AmbientEquatorColor: {r: 0.114, g: 0.125, b: 0.133, a: 1}
  m_AmbientGroundColor: {r: 0.047, g: 0.043, b: 0.035, a: 1}
  m_AmbientIntensity: 1
  m_AmbientMode: 3
  m_SubtractiveShadowColor: {r: 0.42, g: 0.478, b: 0.627, a: 1}
  m_SkyboxMaterial: {fileID: 0}
  m_HaloStrength: 0.5
  m_FlareStrength: 1
  m_FlareFadeSpeed: 3
  m_HaloTexture: {fileID: 0}
  m_SpotCookie: {fileID: 10001, guid: 0000000000000000e000000000000000, type: 0}
  m_DefaultReflectionMode: 0
  m_DefaultReflectionResolution: 128
  m_ReflectionBounces: 1
  m_ReflectionIntensity: 1
  m_CustomReflection: {fileID: 0}
  m_Sun: {fileID: 0}
  m_IndirectSpecularColor: {r: 0, g: 0, b: 0, a: 1}
  m_UseRadianceAmbientProbe: 0
--- !u!157 &3
LightmapSettings:
  m_ObjectHideFlags: 0
  serializedVersion: 11
  m_GIWorkflowMode: 1
  m_GISettings:
    serializedVersion: 2
    m_BounceScale: 1
    m_IndirectOutputScale: 1
    m_AlbedoBoost: 1
    m_EnvironmentLightingMode: 0
    m_EnableBakedLightmaps: 0
    m_EnableRealtimeLightmaps: 0
  m_LightmapEditorSettings:
    serializedVersion: 10
    m_Resolution: 2
    m_BakeResolution: 40
    m_AtlasSize: 1024
    m_AO: 0
    m_AOMaxDistance: 1
    m_CompAOExponent: 1
    m_CompAOExponentDirect: 0
    m_Padding: 2
    m_LightmapParameters: {fileID: 0}
    m_LightmapsBakeMode: 1
    m_TextureCompression: 1
    m_FinalGather: 0
    m_FinalGatherFiltering: 1
    m_FinalGatherRayCount: 256
    m_ReflectionCompression: 2
    m_MixedBakeMode: 2
    m_BakeBackend: 1
    m_PVRSampling: 1
    m_PVRDirectSampleCount: 32
    m_PVRSampleCount: 500
    m_PVRBounces: 2
    m_PVRFilterTypeDirect: 0
    m_PVRFilterTypeIndirect: 0
    m_PVRFilterTypeAO: 0
    m_PVRFilteringMode: 1
    m_PVRCulling: 1
    m_PVRFilteringGaussRadiusDirect: 1
    m_PVRFilteringGaussRadiusIndirect: 5
    m_PVRFilteringGaussRadiusAO: 2
    m_PVRFilteringAtrousPositionSigmaDirect: 0.5
    m_PVRFilteringAtrousPositionSigmaIndirect: 2
    m_PVRFilteringAtrousPositionSigmaAO: 1
    m_ShowResolutionOverlay: 1
  m_LightingDataAsset: {fileID: 0}
  m_UseShadowmask: 1
--- !u!196 &4
NavMeshSettings:
  serializedVersion: 2
  m_ObjectHideFlags: 0
  m_BuildSettings:
    serializedVersion: 2
    agentTypeID: 0
    agentRadius: 0.5
    agentHeight: 2
    agentSlope: 45
    agentClimb: 0.4
    ledgeDropHeight: 0
    maxJumpAcrossDistance: 0
    minRegionArea: 2
    manualCellSize: 0
    cellSize: 0.16666667
    manualTileSize: 0
    tileSize: 256
    accuratePlacement: 0
    debug:
      m_Flags: 0
  m_NavMeshData: {fileID: 0}
--- !u!1001 &127094875
PrefabInstance:
  m_ObjectHideFlags: 0
  serializedVersion: 2
  m_Modification:
    m_TransformParent: {fileID: 1732138886}
    m_Modifications:
    - target: {fileID: 5510511302907499761, guid: 3ad7e8021b6ce2740bdc5cb1d718d705,
        type: 3}
      propertyPath: m_LocalPosition.x
      value: 11
      objectReference: {fileID: 0}
    - target: {fileID: 5510511302907499761, guid: 3ad7e8021b6ce2740bdc5cb1d718d705,
        type: 3}
      propertyPath: m_LocalPosition.y
      value: 4
      objectReference: {fileID: 0}
    - target: {fileID: 5510511302907499761, guid: 3ad7e8021b6ce2740bdc5cb1d718d705,
        type: 3}
      propertyPath: m_LocalPosition.z
      value: 0
      objectReference: {fileID: 0}
    - target: {fileID: 5510511302907499761, guid: 3ad7e8021b6ce2740bdc5cb1d718d705,
        type: 3}
      propertyPath: m_LocalRotation.x
      value: -0
      objectReference: {fileID: 0}
    - target: {fileID: 5510511302907499761, guid: 3ad7e8021b6ce2740bdc5cb1d718d705,
        type: 3}
      propertyPath: m_LocalRotation.y
      value: -0
      objectReference: {fileID: 0}
    - target: {fileID: 5510511302907499761, guid: 3ad7e8021b6ce2740bdc5cb1d718d705,
        type: 3}
      propertyPath: m_LocalRotation.z
      value: -0
      objectReference: {fileID: 0}
    - target: {fileID: 5510511302907499761, guid: 3ad7e8021b6ce2740bdc5cb1d718d705,
        type: 3}
      propertyPath: m_LocalRotation.w
      value: 1
      objectReference: {fileID: 0}
    - target: {fileID: 5510511302907499761, guid: 3ad7e8021b6ce2740bdc5cb1d718d705,
        type: 3}
      propertyPath: m_RootOrder
      value: 6
      objectReference: {fileID: 0}
    - target: {fileID: 5510511302907499761, guid: 3ad7e8021b6ce2740bdc5cb1d718d705,
        type: 3}
      propertyPath: m_LocalEulerAnglesHint.x
      value: 0
      objectReference: {fileID: 0}
    - target: {fileID: 5510511302907499761, guid: 3ad7e8021b6ce2740bdc5cb1d718d705,
        type: 3}
      propertyPath: m_LocalEulerAnglesHint.y
      value: 0
      objectReference: {fileID: 0}
    - target: {fileID: 5510511302907499761, guid: 3ad7e8021b6ce2740bdc5cb1d718d705,
        type: 3}
      propertyPath: m_LocalEulerAnglesHint.z
      value: 0
      objectReference: {fileID: 0}
    - target: {fileID: 5510511302907499767, guid: 3ad7e8021b6ce2740bdc5cb1d718d705,
        type: 3}
      propertyPath: m_Name
      value: Block (6)
      objectReference: {fileID: 0}
    m_RemovedComponents: []
  m_SourcePrefab: {fileID: 100100000, guid: 3ad7e8021b6ce2740bdc5cb1d718d705, type: 3}
--- !u!4 &127094876 stripped
Transform:
  m_CorrespondingSourceObject: {fileID: 5510511302907499761, guid: 3ad7e8021b6ce2740bdc5cb1d718d705,
    type: 3}
  m_PrefabInstance: {fileID: 127094875}
  m_PrefabAsset: {fileID: 0}
--- !u!1001 &300030996
PrefabInstance:
  m_ObjectHideFlags: 0
  serializedVersion: 2
  m_Modification:
    m_TransformParent: {fileID: 1732138886}
    m_Modifications:
    - target: {fileID: 5510511302907499761, guid: 3ad7e8021b6ce2740bdc5cb1d718d705,
        type: 3}
      propertyPath: m_LocalPosition.x
      value: 7
      objectReference: {fileID: 0}
    - target: {fileID: 5510511302907499761, guid: 3ad7e8021b6ce2740bdc5cb1d718d705,
        type: 3}
      propertyPath: m_LocalPosition.y
      value: 4
      objectReference: {fileID: 0}
    - target: {fileID: 5510511302907499761, guid: 3ad7e8021b6ce2740bdc5cb1d718d705,
        type: 3}
      propertyPath: m_LocalPosition.z
      value: 0
      objectReference: {fileID: 0}
    - target: {fileID: 5510511302907499761, guid: 3ad7e8021b6ce2740bdc5cb1d718d705,
        type: 3}
      propertyPath: m_LocalRotation.x
      value: -0
      objectReference: {fileID: 0}
    - target: {fileID: 5510511302907499761, guid: 3ad7e8021b6ce2740bdc5cb1d718d705,
        type: 3}
      propertyPath: m_LocalRotation.y
      value: -0
      objectReference: {fileID: 0}
    - target: {fileID: 5510511302907499761, guid: 3ad7e8021b6ce2740bdc5cb1d718d705,
        type: 3}
      propertyPath: m_LocalRotation.z
      value: -0
      objectReference: {fileID: 0}
    - target: {fileID: 5510511302907499761, guid: 3ad7e8021b6ce2740bdc5cb1d718d705,
        type: 3}
      propertyPath: m_LocalRotation.w
      value: 1
      objectReference: {fileID: 0}
    - target: {fileID: 5510511302907499761, guid: 3ad7e8021b6ce2740bdc5cb1d718d705,
        type: 3}
      propertyPath: m_RootOrder
      value: 2
      objectReference: {fileID: 0}
    - target: {fileID: 5510511302907499761, guid: 3ad7e8021b6ce2740bdc5cb1d718d705,
        type: 3}
      propertyPath: m_LocalEulerAnglesHint.x
      value: 0
      objectReference: {fileID: 0}
    - target: {fileID: 5510511302907499761, guid: 3ad7e8021b6ce2740bdc5cb1d718d705,
        type: 3}
      propertyPath: m_LocalEulerAnglesHint.y
      value: 0
      objectReference: {fileID: 0}
    - target: {fileID: 5510511302907499761, guid: 3ad7e8021b6ce2740bdc5cb1d718d705,
        type: 3}
      propertyPath: m_LocalEulerAnglesHint.z
      value: 0
      objectReference: {fileID: 0}
    - target: {fileID: 5510511302907499767, guid: 3ad7e8021b6ce2740bdc5cb1d718d705,
        type: 3}
      propertyPath: m_Name
      value: Block (2)
      objectReference: {fileID: 0}
    m_RemovedComponents: []
  m_SourcePrefab: {fileID: 100100000, guid: 3ad7e8021b6ce2740bdc5cb1d718d705, type: 3}
--- !u!4 &300030997 stripped
Transform:
  m_CorrespondingSourceObject: {fileID: 5510511302907499761, guid: 3ad7e8021b6ce2740bdc5cb1d718d705,
    type: 3}
  m_PrefabInstance: {fileID: 300030996}
  m_PrefabAsset: {fileID: 0}
--- !u!1001 &539289566
PrefabInstance:
  m_ObjectHideFlags: 0
  serializedVersion: 2
  m_Modification:
    m_TransformParent: {fileID: 0}
    m_Modifications:
    - target: {fileID: 7022648440378849318, guid: df477628019bee64e8c7d0e11c92934e,
        type: 3}
      propertyPath: m_LocalPosition.x
      value: 5
      objectReference: {fileID: 0}
    - target: {fileID: 7022648440378849318, guid: df477628019bee64e8c7d0e11c92934e,
        type: 3}
      propertyPath: m_LocalPosition.y
      value: 0.25
      objectReference: {fileID: 0}
    - target: {fileID: 7022648440378849318, guid: df477628019bee64e8c7d0e11c92934e,
        type: 3}
      propertyPath: m_LocalPosition.z
      value: 0
      objectReference: {fileID: 0}
    - target: {fileID: 7022648440378849318, guid: df477628019bee64e8c7d0e11c92934e,
        type: 3}
      propertyPath: m_LocalRotation.x
      value: 0
      objectReference: {fileID: 0}
    - target: {fileID: 7022648440378849318, guid: df477628019bee64e8c7d0e11c92934e,
        type: 3}
      propertyPath: m_LocalRotation.y
      value: 0
      objectReference: {fileID: 0}
    - target: {fileID: 7022648440378849318, guid: df477628019bee64e8c7d0e11c92934e,
        type: 3}
      propertyPath: m_LocalRotation.z
      value: 0
      objectReference: {fileID: 0}
    - target: {fileID: 7022648440378849318, guid: df477628019bee64e8c7d0e11c92934e,
        type: 3}
      propertyPath: m_LocalRotation.w
      value: 1
      objectReference: {fileID: 0}
    - target: {fileID: 7022648440378849318, guid: df477628019bee64e8c7d0e11c92934e,
        type: 3}
      propertyPath: m_RootOrder
      value: 2
      objectReference: {fileID: 0}
    - target: {fileID: 7022648440378849318, guid: df477628019bee64e8c7d0e11c92934e,
        type: 3}
      propertyPath: m_LocalEulerAnglesHint.x
      value: 0
      objectReference: {fileID: 0}
    - target: {fileID: 7022648440378849318, guid: df477628019bee64e8c7d0e11c92934e,
        type: 3}
      propertyPath: m_LocalEulerAnglesHint.y
      value: 0
      objectReference: {fileID: 0}
    - target: {fileID: 7022648440378849318, guid: df477628019bee64e8c7d0e11c92934e,
        type: 3}
      propertyPath: m_LocalEulerAnglesHint.z
      value: 0
      objectReference: {fileID: 0}
    - target: {fileID: 7022648440378849336, guid: df477628019bee64e8c7d0e11c92934e,
        type: 3}
      propertyPath: m_Name
      value: Paddle
      objectReference: {fileID: 0}
    m_RemovedComponents: []
  m_SourcePrefab: {fileID: 100100000, guid: df477628019bee64e8c7d0e11c92934e, type: 3}
--- !u!1001 &622466546
PrefabInstance:
  m_ObjectHideFlags: 0
  serializedVersion: 2
  m_Modification:
    m_TransformParent: {fileID: 0}
    m_Modifications:
    - target: {fileID: 602586864807927478, guid: 68f69efa28cd8a546bf12f6e7360b912,
        type: 3}
      propertyPath: m_Name
      value: Level
      objectReference: {fileID: 0}
    - target: {fileID: 8980948750677488561, guid: 68f69efa28cd8a546bf12f6e7360b912,
        type: 3}
      propertyPath: m_LocalPosition.x
      value: 9.005629
      objectReference: {fileID: 0}
    - target: {fileID: 8980948750677488561, guid: 68f69efa28cd8a546bf12f6e7360b912,
        type: 3}
      propertyPath: m_LocalPosition.y
      value: 6.3363867
      objectReference: {fileID: 0}
    - target: {fileID: 8980948750677488561, guid: 68f69efa28cd8a546bf12f6e7360b912,
        type: 3}
      propertyPath: m_LocalPosition.z
      value: 0.0531127
      objectReference: {fileID: 0}
    - target: {fileID: 8980948750677488561, guid: 68f69efa28cd8a546bf12f6e7360b912,
        type: 3}
      propertyPath: m_LocalRotation.x
      value: 0
      objectReference: {fileID: 0}
    - target: {fileID: 8980948750677488561, guid: 68f69efa28cd8a546bf12f6e7360b912,
        type: 3}
      propertyPath: m_LocalRotation.y
      value: 0
      objectReference: {fileID: 0}
    - target: {fileID: 8980948750677488561, guid: 68f69efa28cd8a546bf12f6e7360b912,
        type: 3}
      propertyPath: m_LocalRotation.z
      value: 0
      objectReference: {fileID: 0}
    - target: {fileID: 8980948750677488561, guid: 68f69efa28cd8a546bf12f6e7360b912,
        type: 3}
      propertyPath: m_LocalRotation.w
      value: 1
      objectReference: {fileID: 0}
    - target: {fileID: 8980948750677488561, guid: 68f69efa28cd8a546bf12f6e7360b912,
        type: 3}
      propertyPath: m_RootOrder
      value: 5
      objectReference: {fileID: 0}
    - target: {fileID: 8980948750677488561, guid: 68f69efa28cd8a546bf12f6e7360b912,
        type: 3}
      propertyPath: m_LocalEulerAnglesHint.x
      value: 0
      objectReference: {fileID: 0}
    - target: {fileID: 8980948750677488561, guid: 68f69efa28cd8a546bf12f6e7360b912,
        type: 3}
      propertyPath: m_LocalEulerAnglesHint.y
      value: 0
      objectReference: {fileID: 0}
    - target: {fileID: 8980948750677488561, guid: 68f69efa28cd8a546bf12f6e7360b912,
        type: 3}
      propertyPath: m_LocalEulerAnglesHint.z
      value: 0
      objectReference: {fileID: 0}
    m_RemovedComponents: []
  m_SourcePrefab: {fileID: 100100000, guid: 68f69efa28cd8a546bf12f6e7360b912, type: 3}
--- !u!1001 &653994084
PrefabInstance:
  m_ObjectHideFlags: 0
  serializedVersion: 2
  m_Modification:
    m_TransformParent: {fileID: 0}
    m_Modifications:
    - target: {fileID: 72616502, guid: d513015bd8d1c1f458e24b84ddb7b624, type: 3}
      propertyPath: m_LocalPosition.z
      value: 0
      objectReference: {fileID: 0}
    - target: {fileID: 1775050255642062737, guid: d513015bd8d1c1f458e24b84ddb7b624,
        type: 3}
      propertyPath: m_LocalPosition.x
      value: 9.005629
      objectReference: {fileID: 0}
    - target: {fileID: 1775050255642062737, guid: d513015bd8d1c1f458e24b84ddb7b624,
        type: 3}
      propertyPath: m_LocalPosition.y
      value: 6.3363867
      objectReference: {fileID: 0}
    - target: {fileID: 1775050255642062737, guid: d513015bd8d1c1f458e24b84ddb7b624,
        type: 3}
      propertyPath: m_LocalPosition.z
      value: 0.0531127
      objectReference: {fileID: 0}
    - target: {fileID: 1775050255642062737, guid: d513015bd8d1c1f458e24b84ddb7b624,
        type: 3}
      propertyPath: m_LocalRotation.x
      value: 0
      objectReference: {fileID: 0}
    - target: {fileID: 1775050255642062737, guid: d513015bd8d1c1f458e24b84ddb7b624,
        type: 3}
      propertyPath: m_LocalRotation.y
      value: 0
      objectReference: {fileID: 0}
    - target: {fileID: 1775050255642062737, guid: d513015bd8d1c1f458e24b84ddb7b624,
        type: 3}
      propertyPath: m_LocalRotation.z
      value: 0
      objectReference: {fileID: 0}
    - target: {fileID: 1775050255642062737, guid: d513015bd8d1c1f458e24b84ddb7b624,
        type: 3}
      propertyPath: m_LocalRotation.w
      value: 1
      objectReference: {fileID: 0}
    - target: {fileID: 1775050255642062737, guid: d513015bd8d1c1f458e24b84ddb7b624,
        type: 3}
      propertyPath: m_RootOrder
      value: 6
      objectReference: {fileID: 0}
    - target: {fileID: 1775050255642062737, guid: d513015bd8d1c1f458e24b84ddb7b624,
        type: 3}
      propertyPath: m_LocalEulerAnglesHint.x
      value: 0
      objectReference: {fileID: 0}
    - target: {fileID: 1775050255642062737, guid: d513015bd8d1c1f458e24b84ddb7b624,
        type: 3}
      propertyPath: m_LocalEulerAnglesHint.y
      value: 0
      objectReference: {fileID: 0}
    - target: {fileID: 1775050255642062737, guid: d513015bd8d1c1f458e24b84ddb7b624,
        type: 3}
      propertyPath: m_LocalEulerAnglesHint.z
      value: 0
      objectReference: {fileID: 0}
    - target: {fileID: 1775050255642062751, guid: d513015bd8d1c1f458e24b84ddb7b624,
        type: 3}
      propertyPath: m_Name
      value: Game Status
      objectReference: {fileID: 0}
    - target: {fileID: 3230677283251200471, guid: d513015bd8d1c1f458e24b84ddb7b624,
        type: 3}
      propertyPath: m_textInfo.characterCount
      value: 0
      objectReference: {fileID: 0}
    - target: {fileID: 3230677283251200471, guid: d513015bd8d1c1f458e24b84ddb7b624,
        type: 3}
      propertyPath: m_textInfo.wordCount
      value: 0
      objectReference: {fileID: 0}
    - target: {fileID: 3230677283251200471, guid: d513015bd8d1c1f458e24b84ddb7b624,
        type: 3}
      propertyPath: m_textInfo.lineCount
      value: 0
      objectReference: {fileID: 0}
    - target: {fileID: 3230677283251200471, guid: d513015bd8d1c1f458e24b84ddb7b624,
        type: 3}
      propertyPath: m_textInfo.pageCount
      value: 0
      objectReference: {fileID: 0}
    m_RemovedComponents: []
  m_SourcePrefab: {fileID: 100100000, guid: d513015bd8d1c1f458e24b84ddb7b624, type: 3}
--- !u!1001 &703532562
PrefabInstance:
  m_ObjectHideFlags: 0
  serializedVersion: 2
  m_Modification:
    m_TransformParent: {fileID: 1732138886}
    m_Modifications:
    - target: {fileID: 5510511302907499761, guid: 3ad7e8021b6ce2740bdc5cb1d718d705,
        type: 3}
      propertyPath: m_LocalPosition.x
      value: 12
      objectReference: {fileID: 0}
    - target: {fileID: 5510511302907499761, guid: 3ad7e8021b6ce2740bdc5cb1d718d705,
        type: 3}
      propertyPath: m_LocalPosition.y
      value: 4
      objectReference: {fileID: 0}
    - target: {fileID: 5510511302907499761, guid: 3ad7e8021b6ce2740bdc5cb1d718d705,
        type: 3}
      propertyPath: m_LocalPosition.z
      value: 0
      objectReference: {fileID: 0}
    - target: {fileID: 5510511302907499761, guid: 3ad7e8021b6ce2740bdc5cb1d718d705,
        type: 3}
      propertyPath: m_LocalRotation.x
      value: -0
      objectReference: {fileID: 0}
    - target: {fileID: 5510511302907499761, guid: 3ad7e8021b6ce2740bdc5cb1d718d705,
        type: 3}
      propertyPath: m_LocalRotation.y
      value: -0
      objectReference: {fileID: 0}
    - target: {fileID: 5510511302907499761, guid: 3ad7e8021b6ce2740bdc5cb1d718d705,
        type: 3}
      propertyPath: m_LocalRotation.z
      value: -0
      objectReference: {fileID: 0}
    - target: {fileID: 5510511302907499761, guid: 3ad7e8021b6ce2740bdc5cb1d718d705,
        type: 3}
      propertyPath: m_LocalRotation.w
      value: 1
      objectReference: {fileID: 0}
    - target: {fileID: 5510511302907499761, guid: 3ad7e8021b6ce2740bdc5cb1d718d705,
        type: 3}
      propertyPath: m_RootOrder
      value: 7
      objectReference: {fileID: 0}
    - target: {fileID: 5510511302907499761, guid: 3ad7e8021b6ce2740bdc5cb1d718d705,
        type: 3}
      propertyPath: m_LocalEulerAnglesHint.x
      value: 0
      objectReference: {fileID: 0}
    - target: {fileID: 5510511302907499761, guid: 3ad7e8021b6ce2740bdc5cb1d718d705,
        type: 3}
      propertyPath: m_LocalEulerAnglesHint.y
      value: 0
      objectReference: {fileID: 0}
    - target: {fileID: 5510511302907499761, guid: 3ad7e8021b6ce2740bdc5cb1d718d705,
        type: 3}
      propertyPath: m_LocalEulerAnglesHint.z
      value: 0
      objectReference: {fileID: 0}
    - target: {fileID: 5510511302907499767, guid: 3ad7e8021b6ce2740bdc5cb1d718d705,
        type: 3}
      propertyPath: m_Name
      value: Block (7)
      objectReference: {fileID: 0}
    m_RemovedComponents: []
  m_SourcePrefab: {fileID: 100100000, guid: 3ad7e8021b6ce2740bdc5cb1d718d705, type: 3}
--- !u!4 &703532563 stripped
Transform:
  m_CorrespondingSourceObject: {fileID: 5510511302907499761, guid: 3ad7e8021b6ce2740bdc5cb1d718d705,
    type: 3}
  m_PrefabInstance: {fileID: 703532562}
  m_PrefabAsset: {fileID: 0}
--- !u!1001 &985076645
PrefabInstance:
  m_ObjectHideFlags: 0
  serializedVersion: 2
  m_Modification:
    m_TransformParent: {fileID: 1732138886}
    m_Modifications:
    - target: {fileID: 5510511302907499761, guid: 3ad7e8021b6ce2740bdc5cb1d718d705,
        type: 3}
      propertyPath: m_LocalPosition.x
      value: 10
      objectReference: {fileID: 0}
    - target: {fileID: 5510511302907499761, guid: 3ad7e8021b6ce2740bdc5cb1d718d705,
        type: 3}
      propertyPath: m_LocalPosition.y
      value: 4
      objectReference: {fileID: 0}
    - target: {fileID: 5510511302907499761, guid: 3ad7e8021b6ce2740bdc5cb1d718d705,
        type: 3}
      propertyPath: m_LocalPosition.z
      value: 0
      objectReference: {fileID: 0}
    - target: {fileID: 5510511302907499761, guid: 3ad7e8021b6ce2740bdc5cb1d718d705,
        type: 3}
      propertyPath: m_LocalRotation.x
      value: -0
      objectReference: {fileID: 0}
    - target: {fileID: 5510511302907499761, guid: 3ad7e8021b6ce2740bdc5cb1d718d705,
        type: 3}
      propertyPath: m_LocalRotation.y
      value: -0
      objectReference: {fileID: 0}
    - target: {fileID: 5510511302907499761, guid: 3ad7e8021b6ce2740bdc5cb1d718d705,
        type: 3}
      propertyPath: m_LocalRotation.z
      value: -0
      objectReference: {fileID: 0}
    - target: {fileID: 5510511302907499761, guid: 3ad7e8021b6ce2740bdc5cb1d718d705,
        type: 3}
      propertyPath: m_LocalRotation.w
      value: 1
      objectReference: {fileID: 0}
    - target: {fileID: 5510511302907499761, guid: 3ad7e8021b6ce2740bdc5cb1d718d705,
        type: 3}
      propertyPath: m_RootOrder
      value: 5
      objectReference: {fileID: 0}
    - target: {fileID: 5510511302907499761, guid: 3ad7e8021b6ce2740bdc5cb1d718d705,
        type: 3}
      propertyPath: m_LocalEulerAnglesHint.x
      value: 0
      objectReference: {fileID: 0}
    - target: {fileID: 5510511302907499761, guid: 3ad7e8021b6ce2740bdc5cb1d718d705,
        type: 3}
      propertyPath: m_LocalEulerAnglesHint.y
      value: 0
      objectReference: {fileID: 0}
    - target: {fileID: 5510511302907499761, guid: 3ad7e8021b6ce2740bdc5cb1d718d705,
        type: 3}
      propertyPath: m_LocalEulerAnglesHint.z
      value: 0
      objectReference: {fileID: 0}
    - target: {fileID: 5510511302907499767, guid: 3ad7e8021b6ce2740bdc5cb1d718d705,
        type: 3}
      propertyPath: m_Name
      value: Block (5)
      objectReference: {fileID: 0}
    m_RemovedComponents: []
  m_SourcePrefab: {fileID: 100100000, guid: 3ad7e8021b6ce2740bdc5cb1d718d705, type: 3}
--- !u!4 &985076646 stripped
Transform:
  m_CorrespondingSourceObject: {fileID: 5510511302907499761, guid: 3ad7e8021b6ce2740bdc5cb1d718d705,
    type: 3}
  m_PrefabInstance: {fileID: 985076645}
  m_PrefabAsset: {fileID: 0}
--- !u!1001 &1225106292
PrefabInstance:
  m_ObjectHideFlags: 0
  serializedVersion: 2
  m_Modification:
    m_TransformParent: {fileID: 1732138886}
    m_Modifications:
    - target: {fileID: 5510511302907499761, guid: 3ad7e8021b6ce2740bdc5cb1d718d705,
        type: 3}
      propertyPath: m_LocalPosition.x
      value: 9
      objectReference: {fileID: 0}
    - target: {fileID: 5510511302907499761, guid: 3ad7e8021b6ce2740bdc5cb1d718d705,
        type: 3}
      propertyPath: m_LocalPosition.y
      value: 4
      objectReference: {fileID: 0}
    - target: {fileID: 5510511302907499761, guid: 3ad7e8021b6ce2740bdc5cb1d718d705,
        type: 3}
      propertyPath: m_LocalPosition.z
      value: 0
      objectReference: {fileID: 0}
    - target: {fileID: 5510511302907499761, guid: 3ad7e8021b6ce2740bdc5cb1d718d705,
        type: 3}
      propertyPath: m_LocalRotation.x
      value: -0
      objectReference: {fileID: 0}
    - target: {fileID: 5510511302907499761, guid: 3ad7e8021b6ce2740bdc5cb1d718d705,
        type: 3}
      propertyPath: m_LocalRotation.y
      value: -0
      objectReference: {fileID: 0}
    - target: {fileID: 5510511302907499761, guid: 3ad7e8021b6ce2740bdc5cb1d718d705,
        type: 3}
      propertyPath: m_LocalRotation.z
      value: -0
      objectReference: {fileID: 0}
    - target: {fileID: 5510511302907499761, guid: 3ad7e8021b6ce2740bdc5cb1d718d705,
        type: 3}
      propertyPath: m_LocalRotation.w
      value: 1
      objectReference: {fileID: 0}
    - target: {fileID: 5510511302907499761, guid: 3ad7e8021b6ce2740bdc5cb1d718d705,
        type: 3}
      propertyPath: m_RootOrder
      value: 4
      objectReference: {fileID: 0}
    - target: {fileID: 5510511302907499761, guid: 3ad7e8021b6ce2740bdc5cb1d718d705,
        type: 3}
      propertyPath: m_LocalEulerAnglesHint.x
      value: 0
      objectReference: {fileID: 0}
    - target: {fileID: 5510511302907499761, guid: 3ad7e8021b6ce2740bdc5cb1d718d705,
        type: 3}
      propertyPath: m_LocalEulerAnglesHint.y
      value: 0
      objectReference: {fileID: 0}
    - target: {fileID: 5510511302907499761, guid: 3ad7e8021b6ce2740bdc5cb1d718d705,
        type: 3}
      propertyPath: m_LocalEulerAnglesHint.z
      value: 0
      objectReference: {fileID: 0}
    - target: {fileID: 5510511302907499767, guid: 3ad7e8021b6ce2740bdc5cb1d718d705,
        type: 3}
      propertyPath: m_Name
      value: Block (4)
      objectReference: {fileID: 0}
    m_RemovedComponents: []
  m_SourcePrefab: {fileID: 100100000, guid: 3ad7e8021b6ce2740bdc5cb1d718d705, type: 3}
--- !u!4 &1225106293 stripped
Transform:
  m_CorrespondingSourceObject: {fileID: 5510511302907499761, guid: 3ad7e8021b6ce2740bdc5cb1d718d705,
    type: 3}
  m_PrefabInstance: {fileID: 1225106292}
  m_PrefabAsset: {fileID: 0}
--- !u!1001 &1246597491
PrefabInstance:
  m_ObjectHideFlags: 0
  serializedVersion: 2
  m_Modification:
    m_TransformParent: {fileID: 0}
    m_Modifications:
    - target: {fileID: 2766718532498375298, guid: 5bcc7f68218af374fa2d396b59903618,
        type: 3}
      propertyPath: m_Name
      value: Play Space
      objectReference: {fileID: 0}
    - target: {fileID: 2766718532498375299, guid: 5bcc7f68218af374fa2d396b59903618,
        type: 3}
      propertyPath: m_LocalPosition.x
      value: 0
      objectReference: {fileID: 0}
    - target: {fileID: 2766718532498375299, guid: 5bcc7f68218af374fa2d396b59903618,
        type: 3}
      propertyPath: m_LocalPosition.y
      value: 0
      objectReference: {fileID: 0}
    - target: {fileID: 2766718532498375299, guid: 5bcc7f68218af374fa2d396b59903618,
        type: 3}
      propertyPath: m_LocalPosition.z
      value: 0
      objectReference: {fileID: 0}
    - target: {fileID: 2766718532498375299, guid: 5bcc7f68218af374fa2d396b59903618,
        type: 3}
      propertyPath: m_LocalRotation.x
      value: 0
      objectReference: {fileID: 0}
    - target: {fileID: 2766718532498375299, guid: 5bcc7f68218af374fa2d396b59903618,
        type: 3}
      propertyPath: m_LocalRotation.y
      value: 0
      objectReference: {fileID: 0}
    - target: {fileID: 2766718532498375299, guid: 5bcc7f68218af374fa2d396b59903618,
        type: 3}
      propertyPath: m_LocalRotation.z
      value: 0
      objectReference: {fileID: 0}
    - target: {fileID: 2766718532498375299, guid: 5bcc7f68218af374fa2d396b59903618,
        type: 3}
      propertyPath: m_LocalRotation.w
      value: 1
      objectReference: {fileID: 0}
    - target: {fileID: 2766718532498375299, guid: 5bcc7f68218af374fa2d396b59903618,
        type: 3}
      propertyPath: m_RootOrder
      value: 3
      objectReference: {fileID: 0}
    - target: {fileID: 2766718532498375299, guid: 5bcc7f68218af374fa2d396b59903618,
        type: 3}
      propertyPath: m_LocalEulerAnglesHint.x
      value: 0
      objectReference: {fileID: 0}
    - target: {fileID: 2766718532498375299, guid: 5bcc7f68218af374fa2d396b59903618,
        type: 3}
      propertyPath: m_LocalEulerAnglesHint.y
      value: 0
      objectReference: {fileID: 0}
    - target: {fileID: 2766718532498375299, guid: 5bcc7f68218af374fa2d396b59903618,
        type: 3}
      propertyPath: m_LocalEulerAnglesHint.z
      value: 0
      objectReference: {fileID: 0}
    m_RemovedComponents: []
  m_SourcePrefab: {fileID: 100100000, guid: 5bcc7f68218af374fa2d396b59903618, type: 3}
--- !u!1001 &1399756376
PrefabInstance:
  m_ObjectHideFlags: 0
  serializedVersion: 2
  m_Modification:
    m_TransformParent: {fileID: 1732138886}
    m_Modifications:
    - target: {fileID: 5510511302907499761, guid: 3ad7e8021b6ce2740bdc5cb1d718d705,
        type: 3}
      propertyPath: m_LocalPosition.x
      value: 6
      objectReference: {fileID: 0}
    - target: {fileID: 5510511302907499761, guid: 3ad7e8021b6ce2740bdc5cb1d718d705,
        type: 3}
      propertyPath: m_LocalPosition.y
      value: 4
      objectReference: {fileID: 0}
    - target: {fileID: 5510511302907499761, guid: 3ad7e8021b6ce2740bdc5cb1d718d705,
        type: 3}
      propertyPath: m_LocalPosition.z
      value: 0
      objectReference: {fileID: 0}
    - target: {fileID: 5510511302907499761, guid: 3ad7e8021b6ce2740bdc5cb1d718d705,
        type: 3}
      propertyPath: m_LocalRotation.x
      value: -0
      objectReference: {fileID: 0}
    - target: {fileID: 5510511302907499761, guid: 3ad7e8021b6ce2740bdc5cb1d718d705,
        type: 3}
      propertyPath: m_LocalRotation.y
      value: -0
      objectReference: {fileID: 0}
    - target: {fileID: 5510511302907499761, guid: 3ad7e8021b6ce2740bdc5cb1d718d705,
        type: 3}
      propertyPath: m_LocalRotation.z
      value: -0
      objectReference: {fileID: 0}
    - target: {fileID: 5510511302907499761, guid: 3ad7e8021b6ce2740bdc5cb1d718d705,
        type: 3}
      propertyPath: m_LocalRotation.w
      value: 1
      objectReference: {fileID: 0}
    - target: {fileID: 5510511302907499761, guid: 3ad7e8021b6ce2740bdc5cb1d718d705,
        type: 3}
      propertyPath: m_RootOrder
      value: 1
      objectReference: {fileID: 0}
    - target: {fileID: 5510511302907499761, guid: 3ad7e8021b6ce2740bdc5cb1d718d705,
        type: 3}
      propertyPath: m_LocalEulerAnglesHint.x
      value: 0
      objectReference: {fileID: 0}
    - target: {fileID: 5510511302907499761, guid: 3ad7e8021b6ce2740bdc5cb1d718d705,
        type: 3}
      propertyPath: m_LocalEulerAnglesHint.y
      value: 0
      objectReference: {fileID: 0}
    - target: {fileID: 5510511302907499761, guid: 3ad7e8021b6ce2740bdc5cb1d718d705,
        type: 3}
      propertyPath: m_LocalEulerAnglesHint.z
      value: 0
      objectReference: {fileID: 0}
    - target: {fileID: 5510511302907499767, guid: 3ad7e8021b6ce2740bdc5cb1d718d705,
        type: 3}
      propertyPath: m_Name
      value: Block (1)
      objectReference: {fileID: 0}
    m_RemovedComponents: []
  m_SourcePrefab: {fileID: 100100000, guid: 3ad7e8021b6ce2740bdc5cb1d718d705, type: 3}
--- !u!4 &1399756377 stripped
Transform:
  m_CorrespondingSourceObject: {fileID: 5510511302907499761, guid: 3ad7e8021b6ce2740bdc5cb1d718d705,
    type: 3}
  m_PrefabInstance: {fileID: 1399756376}
  m_PrefabAsset: {fileID: 0}
--- !u!1001 &1501882044
PrefabInstance:
  m_ObjectHideFlags: 0
  serializedVersion: 2
  m_Modification:
    m_TransformParent: {fileID: 0}
    m_Modifications:
    - target: {fileID: 4765775708401435171, guid: dea7a8cbcf584ee4aafeae2c0165fc0a,
        type: 3}
      propertyPath: m_LocalPosition.x
      value: 5.0507116
      objectReference: {fileID: 0}
    - target: {fileID: 4765775708401435171, guid: dea7a8cbcf584ee4aafeae2c0165fc0a,
        type: 3}
      propertyPath: m_LocalPosition.y
      value: 0.6874614
      objectReference: {fileID: 0}
    - target: {fileID: 4765775708401435171, guid: dea7a8cbcf584ee4aafeae2c0165fc0a,
        type: 3}
      propertyPath: m_LocalPosition.z
      value: 0
      objectReference: {fileID: 0}
    - target: {fileID: 4765775708401435171, guid: dea7a8cbcf584ee4aafeae2c0165fc0a,
        type: 3}
      propertyPath: m_LocalRotation.x
      value: 0
      objectReference: {fileID: 0}
    - target: {fileID: 4765775708401435171, guid: dea7a8cbcf584ee4aafeae2c0165fc0a,
        type: 3}
      propertyPath: m_LocalRotation.y
      value: 0
      objectReference: {fileID: 0}
    - target: {fileID: 4765775708401435171, guid: dea7a8cbcf584ee4aafeae2c0165fc0a,
        type: 3}
      propertyPath: m_LocalRotation.z
      value: 0
      objectReference: {fileID: 0}
    - target: {fileID: 4765775708401435171, guid: dea7a8cbcf584ee4aafeae2c0165fc0a,
        type: 3}
      propertyPath: m_LocalRotation.w
      value: 1
      objectReference: {fileID: 0}
    - target: {fileID: 4765775708401435171, guid: dea7a8cbcf584ee4aafeae2c0165fc0a,
        type: 3}
      propertyPath: m_RootOrder
      value: 1
      objectReference: {fileID: 0}
    - target: {fileID: 4765775708401435171, guid: dea7a8cbcf584ee4aafeae2c0165fc0a,
        type: 3}
      propertyPath: m_LocalEulerAnglesHint.x
      value: 0
      objectReference: {fileID: 0}
    - target: {fileID: 4765775708401435171, guid: dea7a8cbcf584ee4aafeae2c0165fc0a,
        type: 3}
      propertyPath: m_LocalEulerAnglesHint.y
      value: 0
      objectReference: {fileID: 0}
    - target: {fileID: 4765775708401435171, guid: dea7a8cbcf584ee4aafeae2c0165fc0a,
        type: 3}
      propertyPath: m_LocalEulerAnglesHint.z
      value: 0
      objectReference: {fileID: 0}
    - target: {fileID: 4765775708401435174, guid: dea7a8cbcf584ee4aafeae2c0165fc0a,
        type: 3}
      propertyPath: paddle1
      value: 
      objectReference: {fileID: 1621228600}
    - target: {fileID: 4765775708401435357, guid: dea7a8cbcf584ee4aafeae2c0165fc0a,
        type: 3}
      propertyPath: m_Name
      value: Ball
      objectReference: {fileID: 0}
    m_RemovedComponents: []
  m_SourcePrefab: {fileID: 100100000, guid: dea7a8cbcf584ee4aafeae2c0165fc0a, type: 3}
--- !u!114 &1621228600 stripped
MonoBehaviour:
  m_CorrespondingSourceObject: {fileID: 7022648440378849316, guid: df477628019bee64e8c7d0e11c92934e,
    type: 3}
  m_PrefabInstance: {fileID: 539289566}
  m_PrefabAsset: {fileID: 0}
  m_GameObject: {fileID: 0}
  m_Enabled: 1
  m_EditorHideFlags: 0
  m_Script: {fileID: 11500000, guid: 554c208c65ca0df4bafd74338bf932c3, type: 3}
  m_Name: 
  m_EditorClassIdentifier: 
--- !u!1 &1732138885
GameObject:
  m_ObjectHideFlags: 0
  m_CorrespondingSourceObject: {fileID: 0}
  m_PrefabInstance: {fileID: 0}
  m_PrefabAsset: {fileID: 0}
  serializedVersion: 6
  m_Component:
  - component: {fileID: 1732138886}
  m_Layer: 0
  m_Name: Blocks
  m_TagString: Untagged
  m_Icon: {fileID: 0}
  m_NavMeshLayer: 0
  m_StaticEditorFlags: 0
  m_IsActive: 1
--- !u!4 &1732138886
Transform:
  m_ObjectHideFlags: 0
  m_CorrespondingSourceObject: {fileID: 0}
  m_PrefabInstance: {fileID: 0}
  m_PrefabAsset: {fileID: 0}
  m_GameObject: {fileID: 1732138885}
  m_LocalRotation: {x: 0, y: 0, z: 0, w: 1}
  m_LocalPosition: {x: 0, y: 0, z: 0}
  m_LocalScale: {x: 1, y: 1, z: 1}
  m_Children:
  - {fileID: 1774908221}
  - {fileID: 1399756377}
  - {fileID: 300030997}
  - {fileID: 1754073832}
  - {fileID: 1225106293}
  - {fileID: 985076646}
  - {fileID: 127094876}
  - {fileID: 703532563}
  m_Father: {fileID: 0}
  m_RootOrder: 4
  m_LocalEulerAnglesHint: {x: 0, y: 0, z: 0}
--- !u!1001 &1750264450
PrefabInstance:
  m_ObjectHideFlags: 0
  serializedVersion: 2
  m_Modification:
    m_TransformParent: {fileID: 0}
    m_Modifications:
    - target: {fileID: 7488580112087444292, guid: b3e1af7873434684dafe05915b7eacb0,
        type: 3}
      propertyPath: m_Name
      value: Game Camera
      objectReference: {fileID: 0}
    - target: {fileID: 7488580112087444295, guid: b3e1af7873434684dafe05915b7eacb0,
        type: 3}
      propertyPath: m_LocalPosition.x
      value: 8
      objectReference: {fileID: 0}
    - target: {fileID: 7488580112087444295, guid: b3e1af7873434684dafe05915b7eacb0,
        type: 3}
      propertyPath: m_LocalPosition.y
      value: 6
      objectReference: {fileID: 0}
    - target: {fileID: 7488580112087444295, guid: b3e1af7873434684dafe05915b7eacb0,
        type: 3}
      propertyPath: m_LocalPosition.z
      value: -10
      objectReference: {fileID: 0}
    - target: {fileID: 7488580112087444295, guid: b3e1af7873434684dafe05915b7eacb0,
        type: 3}
      propertyPath: m_LocalRotation.x
      value: 0
      objectReference: {fileID: 0}
    - target: {fileID: 7488580112087444295, guid: b3e1af7873434684dafe05915b7eacb0,
        type: 3}
      propertyPath: m_LocalRotation.y
      value: 0
      objectReference: {fileID: 0}
    - target: {fileID: 7488580112087444295, guid: b3e1af7873434684dafe05915b7eacb0,
        type: 3}
      propertyPath: m_LocalRotation.z
      value: 0
      objectReference: {fileID: 0}
    - target: {fileID: 7488580112087444295, guid: b3e1af7873434684dafe05915b7eacb0,
        type: 3}
      propertyPath: m_LocalRotation.w
      value: 1
      objectReference: {fileID: 0}
    - target: {fileID: 7488580112087444295, guid: b3e1af7873434684dafe05915b7eacb0,
        type: 3}
      propertyPath: m_RootOrder
      value: 0
      objectReference: {fileID: 0}
    - target: {fileID: 7488580112087444295, guid: b3e1af7873434684dafe05915b7eacb0,
        type: 3}
      propertyPath: m_LocalEulerAnglesHint.x
      value: 0
      objectReference: {fileID: 0}
    - target: {fileID: 7488580112087444295, guid: b3e1af7873434684dafe05915b7eacb0,
        type: 3}
      propertyPath: m_LocalEulerAnglesHint.y
      value: 0
      objectReference: {fileID: 0}
    - target: {fileID: 7488580112087444295, guid: b3e1af7873434684dafe05915b7eacb0,
        type: 3}
      propertyPath: m_LocalEulerAnglesHint.z
      value: 0
      objectReference: {fileID: 0}
    m_RemovedComponents: []
  m_SourcePrefab: {fileID: 100100000, guid: b3e1af7873434684dafe05915b7eacb0, type: 3}
--- !u!1001 &1754073831
PrefabInstance:
  m_ObjectHideFlags: 0
  serializedVersion: 2
  m_Modification:
    m_TransformParent: {fileID: 1732138886}
    m_Modifications:
    - target: {fileID: 5510511302907499761, guid: 3ad7e8021b6ce2740bdc5cb1d718d705,
        type: 3}
      propertyPath: m_LocalPosition.x
      value: 8
      objectReference: {fileID: 0}
    - target: {fileID: 5510511302907499761, guid: 3ad7e8021b6ce2740bdc5cb1d718d705,
        type: 3}
      propertyPath: m_LocalPosition.y
      value: 4
      objectReference: {fileID: 0}
    - target: {fileID: 5510511302907499761, guid: 3ad7e8021b6ce2740bdc5cb1d718d705,
        type: 3}
      propertyPath: m_LocalPosition.z
      value: 0
      objectReference: {fileID: 0}
    - target: {fileID: 5510511302907499761, guid: 3ad7e8021b6ce2740bdc5cb1d718d705,
        type: 3}
      propertyPath: m_LocalRotation.x
      value: -0
      objectReference: {fileID: 0}
    - target: {fileID: 5510511302907499761, guid: 3ad7e8021b6ce2740bdc5cb1d718d705,
        type: 3}
      propertyPath: m_LocalRotation.y
      value: -0
      objectReference: {fileID: 0}
    - target: {fileID: 5510511302907499761, guid: 3ad7e8021b6ce2740bdc5cb1d718d705,
        type: 3}
      propertyPath: m_LocalRotation.z
      value: -0
      objectReference: {fileID: 0}
    - target: {fileID: 5510511302907499761, guid: 3ad7e8021b6ce2740bdc5cb1d718d705,
        type: 3}
      propertyPath: m_LocalRotation.w
      value: 1
      objectReference: {fileID: 0}
    - target: {fileID: 5510511302907499761, guid: 3ad7e8021b6ce2740bdc5cb1d718d705,
        type: 3}
      propertyPath: m_RootOrder
      value: 3
      objectReference: {fileID: 0}
    - target: {fileID: 5510511302907499761, guid: 3ad7e8021b6ce2740bdc5cb1d718d705,
        type: 3}
      propertyPath: m_LocalEulerAnglesHint.x
      value: 0
      objectReference: {fileID: 0}
    - target: {fileID: 5510511302907499761, guid: 3ad7e8021b6ce2740bdc5cb1d718d705,
        type: 3}
      propertyPath: m_LocalEulerAnglesHint.y
      value: 0
      objectReference: {fileID: 0}
    - target: {fileID: 5510511302907499761, guid: 3ad7e8021b6ce2740bdc5cb1d718d705,
        type: 3}
      propertyPath: m_LocalEulerAnglesHint.z
      value: 0
      objectReference: {fileID: 0}
    - target: {fileID: 5510511302907499767, guid: 3ad7e8021b6ce2740bdc5cb1d718d705,
        type: 3}
      propertyPath: m_Name
      value: Block (3)
      objectReference: {fileID: 0}
    m_RemovedComponents: []
  m_SourcePrefab: {fileID: 100100000, guid: 3ad7e8021b6ce2740bdc5cb1d718d705, type: 3}
--- !u!4 &1754073832 stripped
Transform:
  m_CorrespondingSourceObject: {fileID: 5510511302907499761, guid: 3ad7e8021b6ce2740bdc5cb1d718d705,
    type: 3}
  m_PrefabInstance: {fileID: 1754073831}
  m_PrefabAsset: {fileID: 0}
--- !u!1001 &1774908220
PrefabInstance:
  m_ObjectHideFlags: 0
  serializedVersion: 2
  m_Modification:
    m_TransformParent: {fileID: 1732138886}
    m_Modifications:
    - target: {fileID: 5510511302907499761, guid: 3ad7e8021b6ce2740bdc5cb1d718d705,
        type: 3}
      propertyPath: m_LocalPosition.x
      value: 5
      objectReference: {fileID: 0}
    - target: {fileID: 5510511302907499761, guid: 3ad7e8021b6ce2740bdc5cb1d718d705,
        type: 3}
      propertyPath: m_LocalPosition.y
      value: 4
      objectReference: {fileID: 0}
    - target: {fileID: 5510511302907499761, guid: 3ad7e8021b6ce2740bdc5cb1d718d705,
        type: 3}
      propertyPath: m_LocalPosition.z
      value: 0
      objectReference: {fileID: 0}
    - target: {fileID: 5510511302907499761, guid: 3ad7e8021b6ce2740bdc5cb1d718d705,
        type: 3}
      propertyPath: m_LocalRotation.x
      value: -0
      objectReference: {fileID: 0}
    - target: {fileID: 5510511302907499761, guid: 3ad7e8021b6ce2740bdc5cb1d718d705,
        type: 3}
      propertyPath: m_LocalRotation.y
      value: -0
      objectReference: {fileID: 0}
    - target: {fileID: 5510511302907499761, guid: 3ad7e8021b6ce2740bdc5cb1d718d705,
        type: 3}
      propertyPath: m_LocalRotation.z
      value: -0
      objectReference: {fileID: 0}
    - target: {fileID: 5510511302907499761, guid: 3ad7e8021b6ce2740bdc5cb1d718d705,
        type: 3}
      propertyPath: m_LocalRotation.w
      value: 1
      objectReference: {fileID: 0}
    - target: {fileID: 5510511302907499761, guid: 3ad7e8021b6ce2740bdc5cb1d718d705,
        type: 3}
      propertyPath: m_RootOrder
      value: 0
      objectReference: {fileID: 0}
    - target: {fileID: 5510511302907499761, guid: 3ad7e8021b6ce2740bdc5cb1d718d705,
        type: 3}
      propertyPath: m_LocalEulerAnglesHint.x
      value: 0
      objectReference: {fileID: 0}
    - target: {fileID: 5510511302907499761, guid: 3ad7e8021b6ce2740bdc5cb1d718d705,
        type: 3}
      propertyPath: m_LocalEulerAnglesHint.y
      value: 0
      objectReference: {fileID: 0}
    - target: {fileID: 5510511302907499761, guid: 3ad7e8021b6ce2740bdc5cb1d718d705,
        type: 3}
      propertyPath: m_LocalEulerAnglesHint.z
      value: 0
      objectReference: {fileID: 0}
    - target: {fileID: 5510511302907499767, guid: 3ad7e8021b6ce2740bdc5cb1d718d705,
        type: 3}
      propertyPath: m_Name
      value: Block
      objectReference: {fileID: 0}
    m_RemovedComponents: []
  m_SourcePrefab: {fileID: 100100000, guid: 3ad7e8021b6ce2740bdc5cb1d718d705, type: 3}
--- !u!4 &1774908221 stripped
Transform:
  m_CorrespondingSourceObject: {fileID: 5510511302907499761, guid: 3ad7e8021b6ce2740bdc5cb1d718d705,
    type: 3}
  m_PrefabInstance: {fileID: 1774908220}
  m_PrefabAsset: {fileID: 0}
